<record><leader>00000cas a22000007a 4500</leader><controlfield tag="001">16115490</controlfield><controlfield tag="008">870630d18721uuumsudr ne      0    0eng d</controlfield><controlfield tag="009">7298</controlfield><datafield ind1=" " ind2=" " tag="010"><subfield code="a">sn 87065516 </subfield></datafield><datafield ind1=" " ind2=" " tag="040"><subfield code="a">MJA</subfield><subfield code="b">eng</subfield><subfield code="c">MJA</subfield><subfield code="d">MSJ</subfield><subfield code="d">OCLCQ</subfield></datafield><datafield ind1=" " ind2=" " tag="042"><subfield code="a">msc</subfield></datafield><datafield ind1="0" ind2="4" tag="245"><subfield code="a">The Daily Panola star.</subfield></datafield><datafield ind1=" " ind2=" " tag="260"><subfield code="a">Sardis, Miss. :</subfield><subfield code="b">[s.n.],</subfield><subfield code="c">1872-</subfield></datafield><datafield ind1=" " ind2=" " tag="310"><subfield code="a">Daily</subfield></datafield><datafield ind1="0" ind2=" " tag="362"><subfield code="a">Vol. 1, no. 1 (Oct. 15, 1872)-</subfield></datafield><datafield ind1=" " ind2=" " tag="580"><subfield code="a">Issued also in a weekly ed. called: Weekly Panola star (Sardis, Miss. : 1857).</subfield></datafield><datafield ind1=" " ind2=" " tag="752"><subfield code="a">United States</subfield><subfield code="b">Mississippi</subfield><subfield code="c">Panola</subfield><subfield code="d">Sardis.</subfield></datafield><datafield ind1="1" ind2=" " tag="775"><subfield code="t">Weekly Panola star (Sardis, Miss. : 1857)</subfield><subfield code="w">(OCoLC)10234693</subfield></datafield></record>